@techreport{eha2009,
author = "Linus Ek and Ola Holmström and Stevan Andjelkovic",
title = "Formalizing Arne Andersson trees and Left-leaning Red-Black trees in Agda",
institution = "Chalmers Tekniska Högskola",
year = "2009"
}

